@article{mu_fa,
 author = {穆庆华},
 title = {不同粉煤灰细度和掺量对水工混凝土强度的影响分析},
 journal = {地下水},
 volume = {45},
 number = {269-270},
 year = {2023},
 issn = {1004-1184},
 doi ={10.19807/j.cnki.DXS.2023-02-093}
 }
